<record><leader>00000cas a22000007a 4500</leader><controlfield tag="001">14638847</controlfield><controlfield tag="008">861105d18531877lauwr ne      0    0fre d</controlfield><datafield ind1=" " ind2=" " tag="010"><subfield code="a">sn 86053875 </subfield></datafield><datafield ind1=" " ind2=" " tag="040"><subfield code="a">NPX</subfield><subfield code="b">eng</subfield><subfield code="c">NPX</subfield><subfield code="d">PPM</subfield><subfield code="d">LNP</subfield><subfield code="d">OCLCQ</subfield></datafield><datafield ind1="0" ind2=" " tag="041"><subfield code="a">freeng</subfield></datafield><datafield ind1=" " ind2=" " tag="042"><subfield code="a">msc</subfield></datafield><datafield ind1="0" ind2="2" tag="245"><subfield code="a">L'Avant-coureur.</subfield></datafield><datafield ind1=" " ind2=" " tag="260"><subfield code="a">[Lucy, La.] :</subfield><subfield code="b">Prudent d'Artlys [i.e. Hippolyte de Bautte]</subfield></datafield><datafield ind1=" " ind2=" " tag="300"><subfield code="a">v.</subfield></datafield><datafield ind1=" " ind2=" " tag="310"><subfield code="a">Weekly</subfield></datafield><datafield ind1="1" ind2=" " tag="362"><subfield code="a">Began in Jan. 1853; ceased in 1877?</subfield></datafield><datafield ind1=" " ind2=" " tag="500"><subfield code="a">"Journal Officiel de la Paroisse St. Charles."</subfield></datafield><datafield ind1=" " ind2=" " tag="546"><subfield code="a">In French; some notices in English.</subfield></datafield><datafield ind1=" " ind2=" " tag="588"><subfield code="a">Description based on: Vol. 1, no. 42 (Nov. 20, 1853).</subfield></datafield><datafield ind1=" " ind2=" " tag="752"><subfield code="a">United States</subfield><subfield code="b">Louisiana</subfield><subfield code="c">Saint John the Baptist</subfield><subfield code="d">Lucy.</subfield></datafield><datafield ind1=" " ind2=" " tag="752"><subfield code="a">United States</subfield><subfield code="b">Louisiana</subfield><subfield code="c">Saint Charles.</subfield></datafield></record>